@article{multiwordnpiger,
    author = {Richter F., Fritzinger F., Weller M.},
    title = {Who Can See the Forest for the Trees? Extracting Multiword Negative Polarity Items from Dependency-Parsed Text}, 
    journaltitle = {JLCL},
    location = {М.},
    year = {2010},
    pages = {83-110},
    language = {english},
    langid = {english}
}

@misc{alexey,
  author = {Alexey Koshevoy and kategerasimenko and zu-ann and Marc and Maria Terekhina},
  title = {lingcorpora/lingcorpora.py: initial release},
  month = feb,
  year = 2018,
  doi = {10.5281/zenodo.1172457},
  url = {https://doi.org/10.5281/zenodo.1172457}
}

@misc{List2017i,
    publisher = {Max Planck Institute for the Science of Human History},
    doi = {https://doi.org/10.5281/zenodo.1065403},
    author = {List, Johann-Mattis and Greenhill, Simon and Forkel, Robert},
    url = {http://lingpy.org},
    title = {LingPy. A Python library for quantitative tasks in historical linguistics},
    year = {2017},
    address = {Jena},
    keywords = {_calc, computer-assisted language comparison, Python, sequence comparison}
}

@misc{NLTK,
    author = "{Bird, Steven, Edward Loper and Ewan Klein}",
    year = {2009},
    title = {Natural Language Processing with Python.},
    publisher = {O'Reilly Media Inc.}
}

@online{CLLD,
    author = {Haspelmath, Martin and Robert Forkel},
    year = {2013},
    title = {CLLD – Cross-Linguistic Linked Data},
    url = {https://clld.org/},
}

@misc{RobertForkel2019,
  author       = {Robert Forkel and
                  Sebastian Bank and
                  Christoph Rzymski and
                  Hans-Jörg Bibiko and
                  Richard Littauer and
                  Michael Yoshitaka Erlewine},
  title        = {{clld/clld: clld - a toolkit for cross-linguistic 
                   databases}},
  month        = apr,
  year         = 2019,
  doi          = {10.5281/zenodo.2635592},
  url          = {https://doi.org/10.5281/zenodo.2635592}
}

@misc{HaraldHammarstrom2019,
  author       = {Harald Hammarström and
                  Robert Forkel and
                  Martin Haspelmath},
  title        = {clld/glottolog: Glottolog database 3.4},
  month        = apr,
  year         = 2019,
  doi          = {10.5281/zenodo.2620814},
  url          = {https://doi.org/10.5281/zenodo.2620814}
}

@misc{Robert2Forkel2019,
  author       = {Robert Forkel},
  title        = {clld/pyglottolog: Glottolog API},
  month        = apr,
  year         = 2019,
  doi          = {10.5281/zenodo.2620250},
  url          = {https://doi.org/10.5281/zenodo.2620250}
}

@misc{folium,
  author       = {Filipe and
                  Martin Journois and
                  Frank and
                  Rob Story and
                  James Gardiner and
                  Halfdan Rump and
                  Andrew Bird and
                  Antonio Lima and
                  Joshua Cano and
                  Juliana Leonel and
                  Tim Sampson and
                  Ben Welsh and
                  Jon Reades and
                  Oleg Komarov and
                  Jason Baker and
                  Qingkai Kong and
                  odovad and
                  Raphael Dumas and
                  George Harris and
                  Alex Crosby and
                  kenmatsu4 and
                  Tales Paiva Nogueira and
                  Nat Wilson and
                  Daisuke Kato and
                  andrew giessel and
                  soymsk and
                  Rich Signell and
                  Justin Duke and
                  Anand Patil and
                  FabeG},
  title        = {python-visualization/folium: v0.9.1},
  month        = may,
  year         = 2019,
  doi          = {10.5281/zenodo.3229045},
  url          = {https://doi.org/10.5281/zenodo.3229045}
}

@misc{GeorgeMoroz2018,
  title = {lingtypology: easy mapping for Linguistic Typology},
  author = {George Moroz},
  year = {2017},
  url = {https://CRAN.R-project.org/package=lingtypology},
  doi = {10.5281/zenodo.1289471}
}

@online{python,
    title = {The Python Language Reference},
    author = "{Python Software Foundation}",
    year = {2019},
    url = {https://docs.python.org/3.7/reference/}
}

@online{leaflet,
    title = {Leaflet API reference},
    author = {Vladimir Agafonkin},
    year = {2017},
    url = {https://leafletjs.com/reference-1.5.0.html}
}

@online{pandas,
    title = {pandas: powerful Python data analysis toolkit},
    author = {Tom Augspurger and
              William Ayd and
              Chris Bartak and
              Pietro Battiston and
              Phillip Cloud and
              Marc Garcia and
              Andy Hayden and
              Masaaki Horikoshi and
              Stephan Hoyer and
              Wes McKinney and
              Brock Mendel and
              Jeff Reback and
              Matthew Roeschke and
              Jeremy Schendel and
              Chang She and
              Joris Van den Bossche},
    year = {2019},
    url = {http://pandas.pydata.org/pandas-docs/stable}
}

@misc{matplotlib,
  author       = {Thomas A Caswell and
                  Michael Droettboom and
                  John Hunter and
                  Eric Firing and
                  Antony Lee and
                  Jody Klymak and
                  David Stansby and
                  Elliott Sales de Andrade and
                  Jens Hedegaard Nielsen and
                  Nelle Varoquaux and
                  Benjamin Root and
                  Tim Hoffmann and
                  Phil Elson and
                  Ryan May and
                  Darren Dale and
                  Jae-Joon Lee and
                  Jouni K. Seppänen and
                  Damon McDougall and
                  Andrew Straw and
                  Paul Hobson and
                  Christoph Gohlke and
                  Tony S Yu and
                  Eric Ma and
                  Adrien F. Vincent and
                  Steven Silvester and
                  Charlie Moad and
                  Jan Katins and
                  Nikita Kniazev and
                  Federico Ariza and
                  Elan Ernest},
  title        = {matplotlib/matplotlib v3.1.0},
  month        = may,
  year         = 2019,
  doi          = {10.5281/zenodo.2893252},
  url          = {https://doi.org/10.5281/zenodo.2893252}
}

@misc{MichaelVoronov2019,
    author       = {Michael Voronov},
    title        = {{lingtypology: a Python tool for linguistic interactive mapping}},
    month        = may,
    year         = 2019,
    doi          = {10.5281/zenodo.2669068},
    url          = {https://doi.org/10.5281/zenodo.2669068}
}

@online{SRTM,
    author = "{Jarvis A., H.I. Reuter, A. Nelson, E. Guevara}",
    title = {Hole-filled seamless SRTM data V4},
    year = {2008},
    publisher = {International Centre for Tropical Agriculture (CIAT)},
    url = {http://srtm.csi.cgiar.org}
}

@misc{OpenElevation,
    author = {Lourenço, João Ricardo and Developer66},
    title = {Open-Elevation - Remake},
    year = {2019},
    url = {https://github.com/Developer66/open-elevation}
}

@online{legend,
    author = {Colin Talbert},
    title = {How does one add a legend (categorical) to a folium map},
    year = {2018},
    url = {https://nbviewer.jupyter.org/gist/talbertc-usgs/18f8901fc98f109f2b71156cf3ac81cd}
}

@book{wals,
  address   = {Leipzig},
  editor    = {Matthew S. Dryer and Martin Haspelmath},
  publisher = {Max Planck Institute for Evolutionary Anthropology},
  title     = {WALS Online},
  url       = {https://wals.info/},
  year      = {2013}
}

@online{autotyp,
    author = {Bickel, Balthasar and
            Johanna Nichols and
            Taras Zakharko and
            Alena Witzlack-Makarevich and
            Kristine Hildebrandt and
            Michael Rießler and
            Lennart Bierkandt and
            Fernando Zúñiga and
            John B. Lowe},
    year = {2017},
    title = {The AUTOTYP typological databases. Version 0.1.0},
    url = {https://github.com/autotyp/autotyp-data/tree/0.1.0}
}

@book{afbo,
  address   = {Leipzig},
  editor    = {Frank Seifart},
  publisher = {Max Planck Institute for Evolutionary Anthropology},
  title     = {AfBo: A world-wide survey of affix borrowing},
  url       = {https://afbo.info/},
  year      = {2013}
}

@online{sails,
    author = {Muysken, Pieter and
            Harald Hammarström and
            Olga Krasnoukhova and
            Neele Müller and
            Joshua Birchall and
            Simon van de Kerke and
            Loretta O'Connor and
            Swintha Danielsen and
            Rik van Gijn and
            George Saad},
    year = {2016},
    title = {South American Indigenous Language Structures (SAILS) Online},
    publisher = {Leipzig: Online Publication of the Max Planck Institute for Evolutionary Anthropology},
    url = {http://sails.clld.org} 
}

@book{phoible,
  address   = {Jena},
  editor    = {Steven Moran and Daniel McCloy},
  publisher = {Max Planck Institute for the Science of Human History},
  title     = {PHOIBLE 2.0},
  url       = {https://phoible.org/},
  year      = {2019}
}

@online{foliumDocs,
      author = {Filipe and
                Martin Journois and
                Frank and
                Rob Story and
                James Gardiner and
                Halfdan Rump and
                Andrew Bird and
                Antonio Lima and
                Joshua Cano and
                Juliana Leonel and
                Tim Sampson and
                Ben Welsh and
                Jon Reades and
                Oleg Komarov and
                Jason Baker and
                Qingkai Kong and
                odovad and
                Raphael Dumas and
                George Harris and
                Alex Crosby and
                kenmatsu4 and
                Tales Paiva Nogueira and
                Nat Wilson and
                Daisuke Kato and
                andrew giessel and
                soymsk and
                Rich Signell and
                Justin Duke and
                Anand Patil and
                FabeG},
    title = {Folium},
    year = {2019},
    url = {https://python-visualization.github.io/folium/index.html}
}
